
% Journals

% First the Full Name is given, then the abbreviation used in the AMS Math
% Reviews, with an indication if it could not be found there.
% Note the 2nd overwrites the 1st, so swap them if you want the full name.

 %{AMS}
 @String{AMSTrans = "American Mathematical Society Translations" }
 @String{AMSTrans = "Amer. Math. Soc. Transl." }
 @String{BullAMS = "Bulletin of the American Mathematical Society" }
 @String{BullAMS = "Bull. Amer. Math. Soc." }
 @String{ProcAMS = "Proceedings of the American Mathematical Society" }
 @String{ProcAMS = "Proc. Amer. Math. Soc." }
 @String{TransAMS = "Transactions of the American Mathematical Society" }
 @String{TransAMS = "Trans. Amer. Math. Soc." }

 %ACM
 @String{CACM = "Communications of the {ACM}" }
 @String{CACM = "Commun. {ACM}" }
 @String{CompServ = "Comput. Surveys" }
 @String{JACM = "J. ACM" }
 @String{ACMMathSoft = "{ACM} Transactions on Mathematical Software" }
 @String{ACMMathSoft = "{ACM} Trans. Math. Software" }
 @String{SIGNUM = "{ACM} {SIGNUM} Newsletter" }
 @String{SIGNUM = "{ACM} {SIGNUM} Newslett." }

 @String{AmerSocio = "American Journal of Sociology" }
 @String{AmerStatAssoc = "Journal of the American Statistical Association" }
 @String{AmerStatAssoc = "J. Amer. Statist. Assoc." }
 @String{ApplMathComp = "Applied Mathematics and Computation" }
 @String{ApplMathComp = "Appl. Math. Comput." }
 @String{AmerMathMonthly = "American Mathematical Monthly" }
 @String{AmerMathMonthly = "Amer. Math. Monthly" }
 @String{BIT = "{BIT}" }
 @String{BritStatPsych = "British Journal of Mathematical and Statistical
          Psychology" }
 @String{BritStatPsych = "Brit. J. Math. Statist. Psych." }
 @String{CanMathBull = "Canadian Mathematical Bulletin" }
 @String{CanMathBull = "Canad. Math. Bull." }
 @String{CompApplMath = "Journal of Computational and Applied Mathematics" }
 @String{CompApplMath = "J. Comput. Appl. Math." }
 @String{CompPhys = "Journal of Computational Physics" }
 @String{CompPhys = "J. Comput. Phys." }
 @String{CompStruct = "Computers and Structures" }
 @String{CompStruct = "Comput. \& Structures" }
 @String{CompJour = "The Computer Journal" }
 @String{CompJour = "Comput. J." }
 @String{CompSysSci = "Journal of Computer and System Sciences" }
 @String{CompSysSci = "J. Comput. System Sci." }
 @String{Computing = "Computing" }
 @String{ContempMath = "Contemporary Mathematics" }
 @String{ContempMath = "Contemp. Math." }
 @String{Crelle = "Crelle's Journal" }
 @String{GiornaleMath = "Giornale di Mathematiche" }
 @String{GiornaleMath = "Giorn. Mat." } % didn't find in AMS MR., ibid.

 %IEEE
 @String{Computer = "{IEEE} Computer" }
 @String{IEEETransComp = "{IEEE} Transactions on Computers" }
 @String{IEEETransComp = "{IEEE} Trans. Comput." }
 @String{IEEETransAC = "{IEEE} Transactions on Automatic Control" }
 @String{IEEETransAC = "{IEEE} Trans. Automat. Control" }
 @String{IEEESpec = "{IEEE} Spectrum" } % didn't find in AMS MR
 @String{ProcIEEE = "Proceedings of the {IEEE}" }
 @String{ProcIEEE = "Proc. {IEEE}" } % didn't find in AMS MR
 @String{IEEETransAeroElec = "{IEEE} Transactions on Aerospace and Electronic
     Systems" }
 @String{IEEETransAeroElec = "{IEEE} Trans. Aerospace Electron. Systems" }

 @String{IMANumerAna = "{IMA} Journal of Numerical Analysis" }
 @String{IMANumerAna = "{IMA} J. Numer. Anal." }
 @String{InfProcLet = "Information Processing Letters" }
 @String{InfProcLet = "Inform. Process. Lett." }
 @String{InstMathApp = "Journal of the Institute of Mathematics and
     its Applications" }
 @String{InstMathApp = "J. Inst. Math. Appl." }
 @String{IntControl = "International Journal of Control" }
 @String{IntControl = "Internat. J. Control" }
 @String{IntNumerEng = "International Journal for Numerical Methods in
     Engineering" }
 @String{IntNumerEng = "Internat. J. Numer. Methods Engrg." }
 @String{IntSuper = "International Journal of Supercomputing Applications" }
 @String{IntSuper = "Internat. J. Supercomputing Applic." } % didn't find
%% in AMS MR
 @String{Kibernetika = "Kibernetika" }
 @String{JResNatBurStand = "Journal of Research of the National Bureau
     of Standards" }
 @String{JResNatBurStand = "J. Res. Nat. Bur. Standards" }
 @String{LinAlgApp = "Linear Algebra and its Applications" }
 @String{LinAlgApp = "Linear Algebra Appl." }
 @String{MathAnaAppl = "Journal of Mathematical Analysis and Applications" }
 @String{MathAnaAppl = "J. Math. Anal. Appl." }
 @String{MathAnnalen = "Mathematische Annalen" }
 @String{MathAnnalen = "Math. Ann." }
 @String{MathPhys = "Journal of Mathematical Physics" }
 @String{MathPhys = "J. Math. Phys." }
 @String{MathComp = "Mathematics of Computation" }
 @String{MathComp = "Math. Comp." }
 @String{MathScand = "Mathematica Scandinavica" }
 @String{MathScand = "Math. Scand." }
 @String{TablesAidsComp = "Mathematical Tables and Other Aids to Computation" }
 @String{TablesAidsComp = "Math. Tables Aids Comput." }
 @String{NumerMath = "Numerische Mathematik" }
 @String{NumerMath = "Numer. Math." }
 @String{PacificMath = "Pacific Journal of Mathematics" }
 @String{PacificMath = "Pacific J. Math." }
 @String{ParDistComp = "Journal of Parallel and Distributed Computing" }
 @String{ParDistComp = "J. Parallel and Distrib. Comput." } % didn't find
%% in AMS MR
 @String{ParComputing = "Parallel Computing" }
 @String{ParComputing = "Parallel Comput." }
 @String{PhilMag = "Philosophical Magazine" }
 @String{PhilMag = "Philos. Mag." }
 @String{ProcNAS = "Proceedings of the National Academy of Sciences
                    of the USA" }
 @String{ProcNAS = "Proc. Nat. Acad. Sci. U. S. A." }
 @String{Psychometrika = "Psychometrika" }
 @String{QuartMath = "Quarterly Journal of Mathematics, Oxford, Series (2)" }
 @String{QuartMath = "Quart. J. Math. Oxford Ser. (2)" }
 @String{QuartApplMath = "Quarterly of Applied Mathematics" }
 @String{QuartApplMath = "Quart. Appl. Math." }
 @String{RevueInstStat = "Review of the International Statisical Institute" }
 @String{RevueInstStat = "Rev. Inst. Internat. Statist." }

 %SIAM
 @String{JSIAM = "Journal of the Society for Industrial and Applied
     Mathematics" }
 @String{JSIAM = "J. Soc. Indust. Appl. Math." }
 @String{JSIAMB = "Journal of the Society for Industrial and Applied
     Mathematics, Series B, Numerical Analysis" }
 @String{JSIAMB = "J. Soc. Indust. Appl. Math. Ser. B Numer. Anal." }
 @String{SIAMAlgMeth = "{SIAM} Journal on Algebraic and Discrete Methods" }
 @String{SIAMAlgMeth = "{SIAM} J. Algebraic Discrete Methods" }
 @String{SIAMAppMath = "{SIAM} Journal on Applied Mathematics" }
 @String{SIAMAppMath = "{SIAM} J. Appl. Math." }
 @String{SIAMComp = "{SIAM} Journal on Computing" }
 @String{SIAMComp = "{SIAM} J. Comput." }
 @String{SIAMMatrix = "{SIAM} Journal on Matrix Analysis and Applications" }
 @String{SIAMMatrix = "{SIAM} J. Matrix Anal. Appl." }
 @String{SIAMNumAnal = "{SIAM} Journal on Numerical Analysis" }
 @String{SIAMNumAnal = "{SIAM} J. Numer. Anal." }
 @String{SIAMReview = "{SIAM} Review" }
 @String{SIAMReview = "{SIAM} Rev." }
 @String{SIAMSciStat = "{SIAM} Journal on Scientific and Statistical
     Computing" }
 @String{SIAMSciStat = "{SIAM} J. Sci. Statist. Comput." }

 @String{SoftPracExp = "Software Practice and Experience" }
 @String{SoftPracExp = "Software Prac. Experience" } % didn't find in AMS MR
 @String{StatScience = "Statistical Science" }
 @String{StatScience = "Statist. Sci." }
 @String{Techno = "Technometrics" }
 @String{USSRCompMathPhys = "{USSR} Computational Mathematics and Mathematical
     Physics" }
 @String{USSRCompMathPhys = "{U. S. S. R.} Comput. Math. and Math. Phys." }
 @String{VLSICompSys = "Journal of {VLSI} and Computer Systems" }
 @String{VLSICompSys = "J. {VLSI} Comput. Syst." }
 @String{ZAngewMathMech = "Zeitschrift fur Angewandte Mathematik und
     Mechanik" }
 @String{ZAngewMathMech = "Z. Angew. Math. Mech." }
 @String{ZAngewMathPhys = "Zeitschrift fur Angewandte Mathematik und Physik" }
 @String{ZAngewMathPhys = "Z. Angew. Math. Phys." }

% Publishers % ================================================= |

 @String{Academic = "Academic Press" }
 @String{ACMPress = "{ACM} Press" }
 @String{AdamHilger = "Adam Hilger" }
 @String{AddisonWesley = "Addison-Wesley" }
 @String{AllynBacon = "Allyn and Bacon" }
 @String{AMS = "American Mathematical Society" }
 @String{Birkhauser = "Birkha{\"u}ser" }
 @String{CambridgePress = "Cambridge University Press" }
 @String{Chelsea = "Chelsea" }
 @String{ClaredonPress = "Claredon Press" }
 @String{DoverPub = "Dover Publications" }
 @String{Eyolles = "Eyolles" }
 @String{HoltRinehartWinston = "Holt, Rinehart and Winston" }
 @String{Interscience = "Interscience" }
 @String{JohnsHopkinsPress = "The Johns Hopkins University Press" }
 @String{JohnWileySons = "John Wiley and Sons" }
 @String{Macmillan = "Macmillan" }
 @String{MathWorks = "The Math Works Inc." }
 @String{McGrawHill = "McGraw-Hill" }
 @String{NatBurStd = "National Bureau of Standards" }
 @String{NorthHolland = "North-Holland" }
 @String{OxfordPress = "Oxford University Press" }  %address Oxford or London?
 @String{PergamonPress = "Pergamon Press" }
 @String{PlenumPress = "Plenum Press" }
 @String{PrenticeHall = "Prentice-Hall" }
 @String{SIAMPub = "{SIAM} Publications" }
 @String{Springer = "Springer-Verlag" }
 @String{TexasPress = "University of Texas Press" }
 @String{VanNostrand = "Van Nostrand" }
 @String{WHFreeman = "W. H. Freeman and Co." }

%Entries
% books manually
% rest generated by https://www.doi2bib.org/

@article{Camero2019,
  doi = {10.1016/j.cities.2019.04.014},
  url = {https://doi.org/10.1016/j.cities.2019.04.014},
  year = {2019},
  month = oct,
  publisher = {Elsevier {BV}},
  volume = {93},
  pages = {84--94},
  author = {Andr{\'{e}}s Camero and Enrique Alba},
  title = {Smart City and information technology: A review},
  journal = {Cities}
}

@inproceedings{Siregar2016,
  doi = {10.1109/ictss.2016.7792847},
  url = {https://doi.org/10.1109/ictss.2016.7792847},
  year = {2016},
  month = jul,
  publisher = {{IEEE}},
  author = {Baihaqi Siregar and Ahmad Badril Azmi Nasution and Fahmi Fahmi},
  title = {Integrated pollution monitoring system for smart city},
  booktitle = {2016 International Conference on {ICT} For Smart Society ({ICISS})}
}

@book{paulin2018smart,
  title={Smart city governance},
  author={Paulin, Alois},
  year={2018},
  publisher={Elsevier}
}

@inproceedings{Javaid2018,
  doi = {10.23919/icact.2018.8323770},
  url = {https://doi.org/10.23919/icact.2018.8323770},
  year = {2018},
  month = feb,
  publisher = {{IEEE}},
  author = {Sabeen Javaid and Ali Sufian and Saima Pervaiz and Mehak Tanveer},
  title = {Smart traffic management system using Internet of Things},
  booktitle = {2018 20th International Conference on Advanced Communication Technology ({ICACT})}
}

@inproceedings{Revathy2017,
  doi = {10.1109/iccsp.2017.8286503},
  url = {https://doi.org/10.1109/iccsp.2017.8286503},
  year = {2017},
  month = apr,
  publisher = {{IEEE}},
  author = {M. Revathy and S. Ramya and R. Sathiyavathi and B. Bharathi and V. Maria Anu},
  title = {Automation of street light for smart city},
  booktitle = {2017 International Conference on Communication and Signal Processing ({ICCSP})}
}

@article{Santos2018,
  doi = {10.1109/jiot.2018.2791522},
  url = {https://doi.org/10.1109/jiot.2018.2791522},
  year = {2018},
  month = apr,
  publisher = {Institute of Electrical and Electronics Engineers ({IEEE})},
  volume = {5},
  number = {2},
  pages = {523--532},
  author = {Pedro M. Santos and Cristina Queiros and Susana Sargento and Ana Aguiar and Joao Barros and Joao G. P. Rodrigues and Susana B. Cruz and Tiago Lourenco and Pedro M. d{\textquotesingle}Orey and Yunior Luis and Cecilia Rocha and Sofia Sousa and Sergio Crisostomo},
  title = {{PortoLivingLab}: An {IoT}-Based Sensing Platform for Smart Cities},
  journal = {{IEEE} Internet of Things Journal}
}

@inproceedings{MoreiradeOliveira2015,
  doi = {10.1109/cisti.2015.7170469},
  url = {https://doi.org/10.1109/cisti.2015.7170469},
  year = {2015},
  month = jun,
  publisher = {{IEEE}},
  author = {Tiago H. Moreira de Oliveira and Marco Painho},
  title = {Emotion {\&} stress mapping: Assembling an ambient geographic information-based methodology in order to understand smart cities},
  booktitle = {2015 10th Iberian Conference on Information Systems and Technologies ({CISTI})}
}

@inproceedings{Dalsgaard2010,
  doi = {10.1145/1753326.1753670},
  url = {https://doi.org/10.1145/1753326.1753670},
  year = {2010},
  publisher = {{ACM} Press},
  author = {Peter Dalsgaard and Kim Halskov},
  title = {Designing urban media fa{\c{c}}ades},
  booktitle = {Proceedings of the 28th international conference on Human factors in computing systems - {CHI} {\textquotesingle}10}
}

@misc{krikortz_2009,
  title={Erik Krikortz: Emotional cities},
  url={http://krikortz.net/emotional_cities.php},
  journal={Erik Krikortz | Emotional Cities},
  author={Krikortz, Erik},
  year={2009},
  note = {accessed: April 4, 2022}
}

@inproceedings{Fischer2015,
  doi = {10.1145/2757710.2757715},
  url = {https://doi.org/10.1145/2757710.2757715},
  year = {2015},
  month = jun,
  publisher = {{ACM}},
  author = {Patrick Tobias Fischer and Anke von der Heide and Eva Hornecker and Sabine Zierold and Andreas K\"{a}stner and Felix Dondera and Matti Wiegmann and Fernando Mill{\'{a}}n and Jonas Lideikis and Aidas {\v{C}}ergelis and Reinaldo Verde and Christoph Drews and Till Fastnacht and Kai Gerrit L\"{u}nsdorf and Djamel Merad and Aryan Khosravani and Hesam Jannesar},
  title = {Castle-Sized Interfaces},
  booktitle = {Proceedings of the 4th International Symposium on Pervasive Displays}
}

@misc{Aec2009,
  title={Ars Electronica Center Media Facade},
  url={https://ars.electronica.art/futurelab/en/projects-aec-medienfassade/},
  journal={Ars Electronica Futurelab},
  publisher={Ars Electronica Linz GmbH \& Co KG},
  year={2009},
  note = {accessed: April 4, 2022}
}

@Inbook{Treusch2010,
  author="Treusch, Andreas",
  editor="Boeckl, Matthias",
  title="Entwurfsgedanken zum Ars Electronica Center",
  bookTitle="TREUSCH architecture",
  year="2010",
  publisher="Springer Vienna",
  address="Vienna",
  pages="24--24",
  abstract="Durch den Bau der Fachhochschule Wels und das Logistikcenter Linz war mir der Bauplatz f{\"u}r das zuk{\"u}nftige Ars Electronica Center vertraut und erregte meine planerische Aufmerksamkeit. Seit Beginn der Arbeit am diesem Wettbewerb experimentierten wir im Atelier mit eingegrabenen Bauteilen f{\"u}r die Ausstellungshalle, den Neubauten als Zwillingsturm zum Bestandsgeb{\"a}ude und dem dritten Bauteil, dem neuen Futurelab.",
  isbn="978-3-211-69290-5",
  doi="10.1007/978-3-211-69290-5_3",
  url="https://doi.org/10.1007/978-3-211-69290-5_3"
}

@misc{AecPlay2009,
  title={Play the façade},
  url={https://ars.electronica.art/center/en/play-the-facade/},
  journal={Ars Electronica Center: Play the façade},
  publisher={Ars Electronica Linz GmbH \& Co KG},
  year={2009},
  note = {accessed: April 4, 2022}
}

@inproceedings{Lloret2014,
  doi = {10.1145/2598784.2602791},
  url = {https://doi.org/10.1145/2598784.2602791},
  year = {2014},
  publisher = {{ACM} Press},
  author = {Javier Lloret and Nina Valkanova},
  title = {Puzzle facade},
  booktitle = {Proceedings of the 2014 companion publication on Designing interactive systems - {DIS} Companion {\textquotesingle}14}
}

@inproceedings{Dalsgaard2011,
  doi = {10.1145/1978942.1979097},
  url = {https://doi.org/10.1145/1978942.1979097},
  year = {2011},
  month = may,
  publisher = {{ACM}},
  author = {Peter Dalsgaard and Kim Halskov},
  title = {3d projection on physical objects},
  booktitle = {Proceedings of the {SIGCHI} Conference on Human Factors in Computing Systems}
}

@article{JINDAL2021,
title = {A systematic study of sentiment analysis for social media data},
journal = {Materials Today: Proceedings},
year = {2021},
issn = {2214-7853},
doi = {https://doi.org/10.1016/j.matpr.2021.01.048},
url = {https://www.sciencedirect.com/science/article/pii/S2214785321000705},
author = {Kanika Jindal and Rajni Aron},
keywords = {Sentiment analysis, Machine learning, Social media, Deep learning},
}

@article{Mitchell2013,
  doi = {10.1371/journal.pone.0064417},
  url = {https://doi.org/10.1371/journal.pone.0064417},
  year = {2013},
  month = may,
  publisher = {Public Library of Science ({PLoS})},
  volume = {8},
  number = {5},
  pages = {e64417},
  author = {Lewis Mitchell and Morgan R. Frank and Kameron Decker Harris and Peter Sheridan Dodds and Christopher M. Danforth},
  editor = {Angel S{\'{a}}nchez},
  title = {The Geography of Happiness: Connecting Twitter Sentiment and Expression,  Demographics,  and Objective Characteristics of Place},
  journal = {{PLoS} {ONE}}
}

@article{INR-011,
url = {http://dx.doi.org/10.1561/1500000011},
year = {2008},
volume = {2},
journal = {Foundations and Trends® in Information Retrieval},
title = {Opinion Mining and Sentiment Analysis},
doi = {10.1561/1500000011},
issn = {1554-0669},
number = {1–2},
pages = {1-135},
author = {Bo Pang and Lillian Lee}
}

@article{GOLDER2011,
doi = {10.1126/science.1202775},
author = {Scott A. Golder  and Michael W. Macy },
title = {Diurnal and Seasonal Mood Vary with Work, Sleep, and Daylength Across Diverse Cultures},
journal = {Science},
volume = {333},
number = {6051},
pages = {1878-1881},
year = {2011},
URL = {https://www.science.org/doi/abs/10.1126/science.1202775},
eprint = {https://www.science.org/doi/pdf/10.1126/science.1202775}
}

@inproceedings{park2013mood,
  title={Mood and weather: Feeling the heat?},
  author={Park, Kunwoo and Lee, Seonggyu and Kim, Eunae and Park, Minjee and Park, Juyong and Cha, Meeyoung},
  booktitle={Proceedings of the International AAAI Conference on Web and Social Media},
  volume={7},
  number={1},
  pages={709--712},
  year={2013}
}

@article{EDMANS2007,
  doi = {10.1111/j.1540-6261.2007.01262.x},
  url = {https://doi.org/10.1111/j.1540-6261.2007.01262.x},
  year = {2007},
  month = aug,
  publisher = {Wiley},
  volume = {62},
  number = {4},
  pages = {1967--1998},
  author = {ALEX EDMANS and DIEGO GARC{\'{I}}A and {\O}YVIND NORLI},
  title = {Sports Sentiment and Stock Returns},
  journal = {The Journal of Finance}
}

@inproceedings{Parker2020,
  doi = {10.1145/3313831.3376532},
  url = {https://doi.org/10.1145/3313831.3376532},
  year = {2020},
  month = apr,
  publisher = {{ACM}},
  author = {Callum Parker and Martin Tomitsch and Nigel Davies and Nina Valkanova and Judy Kay},
  title = {Foundations for Designing Public Interactive Displays that Provide Value to Users},
  booktitle = {Proceedings of the 2020 {CHI} Conference on Human Factors in Computing Systems}
}

@article{POSNER2005,
  doi = {10.1017/s0954579405050340},
  url = {https://doi.org/10.1017/s0954579405050340%7D},
  year = {2005},
  month = sep,
  publisher = {Cambridge University Press ({CUP})},
  volume = {17},
  number = {03},
  author = {Jonathan Posner and James A. Russel and Bradley S. Peterson},
  title = {The circumplex model of affect: An integrative approach to affective neuroscience,  cognitive development,  and psychopathology},
  journal = {Development and Psychopathology}
}

@article{OCHSNER2005,
  doi = {10.1016/j.tics.2005.03.010},
  url = {https://doi.org/10.1016/j.tics.2005.03.010},
  year = {2005},
  month = may,
  publisher = {Elsevier {BV}},
  volume = {9},
  number = {5},
  pages = {242--249},
  author = {K Ochsner and J Gross},
  title = {The cognitive control of emotion},
  journal = {Trends in Cognitive Sciences}
}

@book{Gazzaniga2019cog,
  title={Cognitive Neuroscience: The Biology of the Mind (5th ed)},
  author={Gazzaniga, Michael and Ivry, Richard and Mangun, George},
  year={2019},
  publisher={W. W. Norton \& Company}
}